<record><leader>00000cas a22000007a 4500</leader><controlfield tag="001">13048674</controlfield><controlfield tag="008">860122d18881923paudn ne      0    0eng d</controlfield><datafield ind1=" " ind2=" " tag="010"><subfield code="a">sn 86081637 </subfield></datafield><datafield ind1=" " ind2=" " tag="040"><subfield code="a">NPH</subfield><subfield code="b">eng</subfield><subfield code="c">NPH</subfield><subfield code="d">OCLCQ</subfield></datafield><datafield ind1=" " ind2=" " tag="042"><subfield code="a">msc</subfield></datafield><datafield ind1="0" ind2="0" tag="245"><subfield code="a">Columbia daily news.</subfield></datafield><datafield ind1="3" ind2="0" tag="246"><subfield code="a">Columbia daily news and daily spy</subfield></datafield><datafield ind1="1" ind2="7" tag="246"><subfield code="a">Daily news</subfield></datafield><datafield ind1=" " ind2=" " tag="260"><subfield code="a">Columbia, Pa. :</subfield><subfield code="b">Stults &amp; Paschall,</subfield><subfield code="c">-1923.</subfield></datafield><datafield ind1=" " ind2=" " tag="300"><subfield code="a">v. :</subfield><subfield code="b">ill. ;</subfield><subfield code="c">53 cm.</subfield></datafield><datafield ind1=" " ind2=" " tag="310"><subfield code="a">Daily (except Sun.)</subfield></datafield><datafield ind1="1" ind2=" " tag="362"><subfield code="a">Began May 12, 1888.</subfield></datafield><datafield ind1="0" ind2=" " tag="362"><subfield code="a">-May 11, 1923.</subfield></datafield><datafield ind1=" " ind2=" " tag="500"><subfield code="a">Published as: Columbia daily news and daily spy, &lt;Nov. 1-Dec. 31, 1920&gt;.</subfield></datafield><datafield ind1=" " ind2=" " tag="588"><subfield code="a">Description based on: Vol. 1, no. 45 (July 3, 1888).</subfield></datafield><datafield ind1=" " ind2=" " tag="752"><subfield code="a">United States</subfield><subfield code="b">Pennsylvania</subfield><subfield code="c">Lancaster</subfield><subfield code="d">Columbia.</subfield></datafield><datafield ind1="0" ind2="5" tag="780"><subfield code="t">Columbia daily spy</subfield><subfield code="w">(DLC)sn 89077557</subfield></datafield><datafield ind1="0" ind2="0" tag="785"><subfield code="t">Columbia news</subfield><subfield code="w">(DLC)sn 88080942</subfield></datafield><datafield ind1="1" ind2=" " tag="029"><subfield code="a">AU@</subfield><subfield code="b">000023602715</subfield></datafield></record>